@comment{以下为巴利圣典}

@book{ဓမ္မသင်္ဂဏီပါဠိ,
	title = {ဓမ္မသင်္ဂဏီပါဠိ},
	shorttitle = {ဘိ၊ ၁},
}

@book{ဝိဘင်္ဂပါဠိ,
	title = {ဝိဘင်္ဂပါဠိ},
	shorttitle = {ဘိ၊ ၂},
}

@book{ပဋ္ဌာနပါဠိ,
	title = {ပဋ္ဌာနပါဠိ},
	shorttitle = {ပဋ္ဌာန},
}

@comment{以下为义说}
@book{ပါရာဇိကကဏ္ဍအဋ္ဌကထာ_၁,
	title = {ပါရာဇိကကဏ္ဍအဋ္ဌကထာ ပထမတွဲ},
	shorttitle = {ဝိ၊ ဋ္ဌ၊ ၁},
	author = {{ဗုဒ္ဓဃောသ}},
}

@book{ပါရာဇိကကဏ္ဍအဋ္ဌကထာ_၂,
	title = {ပါရာဇိကကဏ္ဍအဋ္ဌကထာ ဒုတိယတွဲ},
	shorttitle = {ဝိ၊ ဋ္ဌ၊ ၂},
	author = {{ဗုဒ္ဓဃောသ}},
}

@book{မူလပဏ္ဏာသဋ္ဌကထာ_၁,
	title = {မူလပဏ္ဏာသဋ္ဌကထာ ပထမတွဲ},
	shorttitle = {မ၊ ဋ္ဌ၊ ၁},
	author = {{ဗုဒ္ဓဃောသ}},
}

@book{မူလပဏ္ဏာသဋ္ဌကထာ_၂,
	title = {မူလပဏ္ဏာသဋ္ဌကထာ ဒုတိယတွဲ},
	shorttitle = {မ၊ ဋ္ဌ၊ ၂},
	author = {{ဗုဒ္ဓဃောသ}},
}

@book{အဋ္ဌသာလိနီ,
	title = {အဋ္ဌသာလိနီ},
	shorttitle = {ဘိ၊ ဋ္ဌ၊ ၁},
	author = {{ဗုဒ္ဓဃောသ}},
}

@book{သမ္မောဟဝိနောဒနီ,
	title = {သမ္မောဟဝိနောဒနီ},
	shorttitle = {ဘိ၊ ဋ္ဌ၊ ၂},
	author = {{ဗုဒ္ဓဃောသ}},
}

@comment{以下为解}
@book{သာရတ္ထ_၂,
	title = {သာရတ္ထဒီပနီဋီကာ ဒုတိယတွဲ},
	shorttitle = {သာရတ္ထ၊ ၂},
	author = {{သာရိပုတ္တ}},
}

@book{သဂါထာ_ဋီ,
	title = {သဂါထာဋီကာ},
	shorttitle = {သဂါထာ၊ ဋီ},
}

@book{မူလဋီ,
	title = {မူလဋီကာ},
	shorttitle = {မူလဋီ},
	author = {{ဓမ္မပါလ}},
}
 
@comment{以下为缅文文献}
@book{တိပိဋကပါဠိမြန်မာအဘိဓာန်,
	title = {တိပိဋက ပါဠိ-မြန်မာ အဘိဓာန်},
	shorttitle = {တိပိဓာန်},
}

@software{နိယံ,
	title = {နိယံ},
	author = {{Pn Daza}},
}

@book{လယ်တီ_ဒီပနီပေါင်းချုပ်_၁,
	title = {လယ်တီဒီပနီပေါင်းချုပ် ပထမတွဲ},
	shorttitle = {လယ်တီဒီပနီပေါင်းချုပ်၊ ၁},
	author = {{လယ်တီ}},
}

@book{ဂန္ဓာရုံ_သင်္ဂြိုဟ်ဘာဋီ,
	title = {သင်္ဂြိုဟ်ဘာသာဋီကာ},
	shorttitle = {သင်္ဂြိုဟ်ဘာဋီ},
	author = {{ဂန္ဓာရုံ}},
}

@book{ဋီကာ​ကျော်အဓိပ္ပါယ်ကျမ်း,
	title = {ဋီကာ​ကျော် အဓိပ္ပါယ်ကျမ်း},
}

@book{အဘိဓမ္မာလက်​ဆောင်,
	title = {အဘိဓမ္မာလက်​ဆောင်},
}

@book{မဟာဗုဒ္ဓဝင်,
	title = {မဟာဗုဒ္ဓဝင်},
	author = {{မင်းကွန်းဆရာတော်}},
}

@book{ပါရာဇိကဏ်_အလင်းတန်း,
	title = {ပါရာဇိကဏ် ပါစိတ် သဒ္ဒါ-သင်္ဂဟ အလင်းတန်း},
	shorttitle = {ပါရာဇိကဏ် အလင်းတန်း},
	publisher = {သာမ​ဏေ​ကျော်စာ​ပေ},
	author = {{ဝဏ္ဏိတာလင်္ကာရာဘိဝံသ}},
	date = {၁၃၇၈},
}

@book{မအူနိဿယ_၂,
	title = {မအူမူ ပါရာဇိကဏ် အဋ္ဌကထာ နိဿယ ဒုတိယတွဲ},
	shorttitle = {မအူနိဿယ၊ ၂},
	publisher = {},
	author = {{မအူ}},
	date = {},
}

@book{ဓာတွတ္ထပန်းကုံး,
	title = {ဓာတွတ္ထပန်းကုံး},
	author = {{ကုမာရ}},
}

@misc{ဝိသုဒ္ဓိမဂ်သင်တန်းပို့ချချက်,
	title = {ဝိသုဒ္ဓိမဂ် သင်တန်းပို့ချချက်},
	author = {{ဩသဓ}},
}


@comment{以上为巴缅文献，以下为中文文献}

@book{周裕锴_2019,
	title = {中国古代阐释学研究},
	publisher = {复旦大学出版社},
	author = {{周裕锴}},
	date = {2019},
}

@book{《中部》段译本,
	title = {中部},
	shorttitle = {《中部》段译本},
	publisher = {中西书局},
	translator = {段晴等译},
	date = {2021},
}

@book{缅汉词典,
	title = {缅汉词典},
	publisher = {商务印书馆},
	author = {{北京大学东方语言文学系缅甸语教研室编}},
    address = {北京},
	date = {1990},
}

@book{汉字源流字典,
	title = {汉字源流字典},
	publisher = {语文出版社},
    address = {北京},
	author = {{谷衍奎编}},
	date = {2008},
}

@book{一切经音义,
	title = {一切经音义三种校本合刊},
	publisher = {上海古籍出版社},
    address = {上海},
	author = {{徐时仪校注}},
	date = {2012},
}

@book{汉语大字典,
	title = {汉语大字典第二版缩印本},
	shorttitle = {汉语大字典},
	publisher = {四川辞书出版社,崇文书局},
	author = {{汉语大字典编辑委员会}},
	date = {2010},
}